1CClientBankExchange
ВерсияФормата=1.03
Кодировка=Windows
Отправитель=Some sender
Получатель=Some receiver
ДатаСоздания=22.09.2022
ВремяСоздания=16:30:20
ДатаНачала=21.09.2022
ДатаКонца=21.09.2022
РасчСчет=40700000000000000000
РасчСчет=40600000000000000000
Документ=Type 1
Документ=Type 2

СекцияРасчСчет
ДатаНачала=21.09.2022
ДатаКонца=21.09.2022
РасчСчет=40700000000000000000
НачальныйОстаток=0.00
ВсегоПоступило=294.00
ВсегоСписано=294.00
КонечныйОстаток=0.00
КонецРасчСчет

СекцияРасчСчет
ДатаНачала=21.09.2022
ДатаКонца=21.09.2022
РасчСчет=40600000000000000000
НачальныйОстаток=0.00
ВсегоПоступило=294.00
ВсегоСписано=294.00
КонечныйОстаток=0.00
КонецРасчСчет

СекцияДокумент=Some type
Номер=1
Дата=21.09.2022
Сумма=99.00
КвитанцияДата=21.09.2022
КвитанцияВремя=16:30:19
КвитанцияСодержание=Some content
ПлательщикСчет=40700000000000000000
ДатаСписано=21.09.2022
Плательщик=Some payer
ПлательщикИНН=000000000000
Плательщик1=Payer name 1
Плательщик2=Payer name 2
Плательщик3=Payer name 3
Плательщик4=Payer name 4
ПлательщикРасчСчет=41700000000000000000
ПлательщикБанк1=Payer bank name
ПлательщикБанк2=Payer bank city
ПлательщикБИК=Payer bank BIC
ПлательщикКорсчет=20700000000000000000
ПолучательСчет=40600000000000000000
ДатаПоступило=21.09.2022
Получатель=Some receiver
ПолучательИНН=000000000000
Получатель1=Receiver name 1
Получатель2=Receiver name 2
Получатель3=Receiver name 3
Получатель4=Receiver name 4
ПолучательРасчСчет=41600000000000000000
ПолучательБанк1=Receiver bank name
ПолучательБанк2=Receiver bank city
ПолучательБИК=Receiver bank BIC
ПолучательКорсчет=20600000000000000000
ВидПлатежа=Cash
КодНазПлатежа=Payment purpose
ВидОплаты=01
Код=Payment code
НазначениеПлатежа=Payment purpose
НазначениеПлатежа1=Payment purpose 1
НазначениеПлатежа2=Payment purpose 2
НазначениеПлатежа3=Payment purpose 3
НазначениеПлатежа4=Payment purpose 4
НазначениеПлатежа5=Payment purpose 5
НазначениеПлатежа6=Payment purpose 6
СтатусСоставителя=Some status
ПлательщикКПП=123123123
ПолучательКПП=321321321
ПоказательКБК=0
ОКАТО=Some value
ПоказательОснования=0
ПоказательПериода=0
ПоказательНомера=0
ПоказательДаты=22.09.2022
ПоказательТипа=0
Очередность=None
СрокАкцепта=0
ВидАккредитива=None
СрокПлатежа=23.09.2022
УсловиеОплаты1=Payment terms 1
УсловиеОплаты2=Payment terms 2
УсловиеОплаты3=Payment terms 3
ПлатежПоПредст=Some value
ДополнУсловия=No extra terms
НомерСчетаПоставщика=10700000000000000000
ДатаОтсылкиДок=22.09.2022
КонецДокумента

СекцияДокумент=Some type
Номер=2
Дата=21.09.2022
Сумма=98.00
КвитанцияДата=21.09.2022
КвитанцияВремя=16:30:19
КвитанцияСодержание=Some content
ПлательщикСчет=40700000000000000000
ДатаСписано=21.09.2022
Плательщик=Some payer
ПлательщикИНН=000000000000
Плательщик1=Payer name 1
Плательщик2=Payer name 2
Плательщик3=Payer name 3
Плательщик4=Payer name 4
ПлательщикРасчСчет=41700000000000000000
ПлательщикБанк1=Payer bank name
ПлательщикБанк2=Payer bank city
ПлательщикБИК=Payer bank BIC
ПлательщикКорсчет=20700000000000000000
ПолучательСчет=40600000000000000000
ДатаПоступило=21.09.2022
Получатель=Some receiver
ПолучательИНН=000000000000
Получатель1=Receiver name 1
Получатель2=Receiver name 2
Получатель3=Receiver name 3
Получатель4=Receiver name 4
ПолучательРасчСчет=41600000000000000000
ПолучательБанк1=Receiver bank name
ПолучательБанк2=Receiver bank city
ПолучательБИК=Receiver bank BIC
ПолучательКорсчет=20600000000000000000
ВидПлатежа=Cash
КодНазПлатежа=Payment purpose
ВидОплаты=01
Код=Payment code
НазначениеПлатежа=Payment purpose
НазначениеПлатежа1=Payment purpose 1
НазначениеПлатежа2=Payment purpose 2
НазначениеПлатежа3=Payment purpose 3
НазначениеПлатежа4=Payment purpose 4
НазначениеПлатежа5=Payment purpose 5
НазначениеПлатежа6=Payment purpose 6
СтатусСоставителя=Some status
ПлательщикКПП=123123123
ПолучательКПП=321321321
ПоказательКБК=0
ОКАТО=Some value
ПоказательОснования=0
ПоказательПериода=0
ПоказательНомера=0
ПоказательДаты=22.09.2022
ПоказательТипа=0
Очередность=None
СрокАкцепта=0
ВидАккредитива=None
СрокПлатежа=23.09.2022
УсловиеОплаты1=Payment terms 1
УсловиеОплаты2=Payment terms 2
УсловиеОплаты3=Payment terms 3
ПлатежПоПредст=Some value
ДополнУсловия=No extra terms
НомерСчетаПоставщика=10700000000000000000
ДатаОтсылкиДок=22.09.2022
КонецДокумента

СекцияДокумент=Some type
Номер=3
Дата=21.09.2022
Сумма=97.00
КвитанцияДата=21.09.2022
КвитанцияВремя=16:30:19
КвитанцияСодержание=Some content
ПлательщикСчет=40700000000000000000
ДатаСписано=21.09.2022
Плательщик=Some payer
ПлательщикИНН=000000000000
Плательщик1=Payer name 1
Плательщик2=Payer name 2
Плательщик3=Payer name 3
Плательщик4=Payer name 4
ПлательщикРасчСчет=41700000000000000000
ПлательщикБанк1=Payer bank name
ПлательщикБанк2=Payer bank city
ПлательщикБИК=Payer bank BIC
ПлательщикКорсчет=20700000000000000000
ПолучательСчет=40600000000000000000
ДатаПоступило=21.09.2022
Получатель=Some receiver
ПолучательИНН=000000000000
Получатель1=Receiver name 1
Получатель2=Receiver name 2
Получатель3=Receiver name 3
Получатель4=Receiver name 4
ПолучательРасчСчет=41600000000000000000
ПолучательБанк1=Receiver bank name
ПолучательБанк2=Receiver bank city
ПолучательБИК=Receiver bank BIC
ПолучательКорсчет=20600000000000000000
ВидПлатежа=Cash
КодНазПлатежа=Payment purpose
ВидОплаты=01
Код=Payment code
НазначениеПлатежа=Payment purpose
НазначениеПлатежа1=Payment purpose 1
НазначениеПлатежа2=Payment purpose 2
НазначениеПлатежа3=Payment purpose 3
НазначениеПлатежа4=Payment purpose 4
НазначениеПлатежа5=Payment purpose 5
НазначениеПлатежа6=Payment purpose 6
СтатусСоставителя=Some status
ПлательщикКПП=123123123
ПолучательКПП=321321321
ПоказательКБК=0
ОКАТО=Some value
ПоказательОснования=0
ПоказательПериода=0
ПоказательНомера=0
ПоказательДаты=22.09.2022
ПоказательТипа=0
Очередность=None
СрокАкцепта=0
ВидАккредитива=None
СрокПлатежа=23.09.2022
УсловиеОплаты1=Payment terms 1
УсловиеОплаты2=Payment terms 2
УсловиеОплаты3=Payment terms 3
ПлатежПоПредст=Some value
ДополнУсловия=No extra terms
НомерСчетаПоставщика=10700000000000000000
ДатаОтсылкиДок=22.09.2022
КонецДокумента

СекцияДокумент=Some type
Номер=1
Дата=21.09.2022
Сумма=99.00
КвитанцияДата=21.09.2022
КвитанцияВремя=16:30:19
КвитанцияСодержание=Some content
ПолучательСчет=40700000000000000000
ДатаПоступило=21.09.2022
Получатель=Some receiver
ПолучательИНН=000000000000
Получатель1=Receiver name 1
Получатель2=Receiver name 2
Получатель3=Receiver name 3
Получатель4=Receiver name 4
ПолучательРасчСчет=41700000000000000000
ПолучательБанк1=Receiver bank name
ПолучательБанк2=Receiver bank city
ПолучательБИК=Receiver bank BIC
ПолучательКорсчет=20700000000000000000
ПлательщикСчет=40600000000000000000
ДатаСписано=21.09.2022
Плательщик=Some payer
ПлательщикИНН=000000000000
Плательщик1=Payer name 1
Плательщик2=Payer name 2
Плательщик3=Payer name 3
Плательщик4=Payer name 4
ПлательщикРасчСчет=41700000000000000000
ПлательщикБанк1=Payer bank name
ПлательщикБанк2=Payer bank city
ПлательщикБИК=Payer bank BIC
ПлательщикКорсчет=20600000000000000000
ВидПлатежа=Cash
КодНазПлатежа=Payment purpose
ВидОплаты=01
Код=Payment code
НазначениеПлатежа=Payment purpose
НазначениеПлатежа1=Payment purpose 1
НазначениеПлатежа2=Payment purpose 2
НазначениеПлатежа3=Payment purpose 3
НазначениеПлатежа4=Payment purpose 4
НазначениеПлатежа5=Payment purpose 5
НазначениеПлатежа6=Payment purpose 6
СтатусСоставителя=Some status
ПлательщикКПП=321321321
ПолучательКПП=123123123
ПоказательКБК=0
ОКАТО=Some value
ПоказательОснования=0
ПоказательПериода=0
ПоказательНомера=0
ПоказательДаты=22.09.2022
ПоказательТипа=0
Очередность=None
СрокАкцепта=0
ВидАккредитива=None
СрокПлатежа=23.09.2022
УсловиеОплаты1=Payment terms 1
УсловиеОплаты2=Payment terms 2
УсловиеОплаты3=Payment terms 3
ПлатежПоПредст=Some value
ДополнУсловия=No extra terms
НомерСчетаПоставщика=10600000000000000000
ДатаОтсылкиДок=22.09.2022
КонецДокумента

СекцияДокумент=Some type
Номер=2
Дата=21.09.2022
Сумма=98.00
КвитанцияДата=21.09.2022
КвитанцияВремя=16:30:19
КвитанцияСодержание=Some content
ПолучательСчет=40700000000000000000
ДатаПоступило=21.09.2022
Получатель=Some receiver
ПолучательИНН=000000000000
Получатель1=Receiver name 1
Получатель2=Receiver name 2
Получатель3=Receiver name 3
Получатель4=Receiver name 4
ПолучательРасчСчет=41700000000000000000
ПолучательБанк1=Receiver bank name
ПолучательБанк2=Receiver bank city
ПолучательБИК=Receiver bank BIC
ПолучательКорсчет=20700000000000000000
ПлательщикСчет=40600000000000000000
ДатаСписано=21.09.2022
Плательщик=Some payer
ПлательщикИНН=000000000000
Плательщик1=Payer name 1
Плательщик2=Payer name 2
Плательщик3=Payer name 3
Плательщик4=Payer name 4
ПлательщикРасчСчет=41700000000000000000
ПлательщикБанк1=Payer bank name
ПлательщикБанк2=Payer bank city
ПлательщикБИК=Payer bank BIC
ПлательщикКорсчет=20600000000000000000
ВидПлатежа=Cash
КодНазПлатежа=Payment purpose
ВидОплаты=01
Код=Payment code
НазначениеПлатежа=Payment purpose
НазначениеПлатежа1=Payment purpose 1
НазначениеПлатежа2=Payment purpose 2
НазначениеПлатежа3=Payment purpose 3
НазначениеПлатежа4=Payment purpose 4
НазначениеПлатежа5=Payment purpose 5
НазначениеПлатежа6=Payment purpose 6
СтатусСоставителя=Some status
ПлательщикКПП=321321321
ПолучательКПП=123123123
ПоказательКБК=0
ОКАТО=Some value
ПоказательОснования=0
ПоказательПериода=0
ПоказательНомера=0
ПоказательДаты=22.09.2022
ПоказательТипа=0
Очередность=None
СрокАкцепта=0
ВидАккредитива=None
СрокПлатежа=23.09.2022
УсловиеОплаты1=Payment terms 1
УсловиеОплаты2=Payment terms 2
УсловиеОплаты3=Payment terms 3
ПлатежПоПредст=Some value
ДополнУсловия=No extra terms
НомерСчетаПоставщика=10600000000000000000
ДатаОтсылкиДок=22.09.2022
КонецДокумента

СекцияДокумент=Some type
Номер=3
Дата=21.09.2022
Сумма=97.00
КвитанцияДата=21.09.2022
КвитанцияВремя=16:30:19
КвитанцияСодержание=Some content
ПолучательСчет=40700000000000000000
ДатаПоступило=21.09.2022
Получатель=Some receiver
ПолучательИНН=000000000000
Получатель1=Receiver name 1
Получатель2=Receiver name 2
Получатель3=Receiver name 3
Получатель4=Receiver name 4
ПолучательРасчСчет=41700000000000000000
ПолучательБанк1=Receiver bank name
ПолучательБанк2=Receiver bank city
ПолучательБИК=Receiver bank BIC
ПолучательКорсчет=20700000000000000000
ПлательщикСчет=40600000000000000000
ДатаСписано=21.09.2022
Плательщик=Some payer
ПлательщикИНН=000000000000
Плательщик1=Payer name 1
Плательщик2=Payer name 2
Плательщик3=Payer name 3
Плательщик4=Payer name 4
ПлательщикРасчСчет=41700000000000000000
ПлательщикБанк1=Payer bank name
ПлательщикБанк2=Payer bank city
ПлательщикБИК=Payer bank BIC
ПлательщикКорсчет=20600000000000000000
ВидПлатежа=Cash
КодНазПлатежа=Payment purpose
ВидОплаты=01
Код=Payment code
НазначениеПлатежа=Payment purpose
НазначениеПлатежа1=Payment purpose 1
НазначениеПлатежа2=Payment purpose 2
НазначениеПлатежа3=Payment purpose 3
НазначениеПлатежа4=Payment purpose 4
НазначениеПлатежа5=Payment purpose 5
НазначениеПлатежа6=Payment purpose 6
СтатусСоставителя=Some status
ПлательщикКПП=321321321
ПолучательКПП=123123123
ПоказательКБК=0
ОКАТО=Some value
ПоказательОснования=0
ПоказательПериода=0
ПоказательНомера=0
ПоказательДаты=22.09.2022
ПоказательТипа=0
Очередность=None
СрокАкцепта=0
ВидАккредитива=None
СрокПлатежа=23.09.2022
УсловиеОплаты1=Payment terms 1
УсловиеОплаты2=Payment terms 2
УсловиеОплаты3=Payment terms 3
ПлатежПоПредст=Some value
ДополнУсловия=No extra terms
НомерСчетаПоставщика=10600000000000000000
ДатаОтсылкиДок=22.09.2022
КонецДокумента

КонецФайла
